<?xml version="1.0" encoding="UTF-8"?><collection xmlns="http://www.loc.gov/MARC21/slim"><record><leader>00332nam--2200121-i-4500</leader><controlfield tag="001">000035424</controlfield><controlfield tag="002">20161230</controlfield><controlfield tag="005">20161230201040</controlfield><controlfield tag="008">060222s1000------------r-----000-0-eng-d</controlfield><datafield ind1=" " ind2=" " tag="100"><subfield code="a">Pais, A</subfield></datafield><datafield ind1=" " ind2=" " tag="245"><subfield code="a">On the theory of elementary particlesj</subfield></datafield><datafield ind1=" " ind2=" " tag="260"><subfield code="a">Amsterdam, N.V. Noord-hollandische Uitgevers Maatscappij, 1947, 91p</subfield></datafield><datafield ind1=" " ind2=" " tag="852"><subfield code="a">528</subfield></datafield></record></collection>